<collection xmlns="http://www.loc.gov/MARC21/slim">
<record>
  <leader>02243nam0a2200373 i 450 </leader>
  <controlfield tag="001">IT\ICCU\CNCE\033771</controlfield>
  <controlfield tag="005">20110715000000.0</controlfield>
  <datafield tag="012" ind1=" " ind2=" ">
    <subfield code="a">m,s, l-o- a-e- leiu (3) 1566 (R)</subfield>
    <subfield code="2">fei</subfield>
  </datafield>
  <datafield tag="100" ind1=" " ind2=" ">
    <subfield code="a">19971222d1566        0itac0103    ba</subfield>
  </datafield>
  <datafield tag="101" ind1=" " ind2=" ">
    <subfield code="a">LAT</subfield>
  </datafield>
  <datafield tag="102" ind1=" " ind2=" ">
    <subfield code="a">IT</subfield>
  </datafield>
  <datafield tag="200" ind1="1" ind2=" ">
    <subfield code="a">℗Dn. Nicasii De Voerda, Machliniensis, ... ℗Enarrationes in quatuor libros Institutionum imperialium, iam recn̈s fidelius ac exactius, qum̉ vsqum̉ ante ̉castigatae. Accesserunt &amp; his nunc primm̮ summaria impens ̈desiderata. Indice itidem adiecto</subfield>
  </datafield>
  <datafield tag="210" ind1=" " ind2=" ">
    <subfield code="a">Venetiis</subfield>
    <subfield code="c">apud Gratiosum Perchacinum</subfield>
    <subfield code="d">1566</subfield>
    <subfield code="e">Venetijs</subfield>
    <subfield code="g">apud Gratiosum Perchacinum</subfield>
    <subfield code="h">1566</subfield>
  </datafield>
  <datafield tag="215" ind1=" " ind2=" ">
    <subfield code="a">479, \57! c., \1! c. di tav. ripieg.</subfield>
    <subfield code="c">ill.</subfield>
    <subfield code="d">8ʻ</subfield>
  </datafield>
  <datafield tag="620" ind1=" " ind2=" ">
    <subfield code="a">IT</subfield>
    <subfield code="d">Venezia</subfield>
  </datafield>
  <datafield tag="700" ind1=" " ind2="1">
    <subfield code="a">Voerda,</subfield>
    <subfield code="b">Nicasius : von</subfield>
    <subfield code="3">IT\ICCU\CNCA\009717</subfield>
  </datafield>
  <datafield tag="712" ind1="0" ind2="0">
    <subfield code="a">Percacino, Grazioso</subfield>
    <subfield code="3">IT\ICCU\CNCT\000435</subfield>
    <subfield code="4">650</subfield>
  </datafield>
  <datafield tag="790" ind1=" " ind2="1">
    <subfield code="a">Voerda,</subfield>
    <subfield code="b">Nicasius : de</subfield>
    <subfield code="3">IT\ICCU\CNCA\025421</subfield>
    <subfield code="z">Voerda, Nicasius : von</subfield>
  </datafield>
  <datafield tag="791" ind1="0" ind2="0">
    <subfield code="a">Perchacinus, Gratiosus</subfield>
    <subfield code="3">IT\ICCU\CNCT\002488</subfield>
    <subfield code="z">Percacino, Grazioso</subfield>
  </datafield>
  <datafield tag="791" ind1="0" ind2="0">
    <subfield code="a">Perchacino, Gratioso</subfield>
    <subfield code="3">IT\ICCU\CNCT\005369</subfield>
    <subfield code="z">Percacino, Grazioso</subfield>
  </datafield>
  <datafield tag="791" ind1="0" ind2="0">
    <subfield code="a">Percaccino, Gratioso</subfield>
    <subfield code="3">IT\ICCU\CNCT\005370</subfield>
    <subfield code="z">Percacino, Grazioso</subfield>
  </datafield>
  <datafield tag="801" ind1=" " ind2="3">
    <subfield code="a">IT</subfield>
    <subfield code="b">ICCU</subfield>
    <subfield code="c">20201114</subfield>
  </datafield>
  <datafield tag="899" ind1=" " ind2=" ">
    <subfield code="a">Biblioteca comunale Antonelliana. Senigallia</subfield>
    <subfield code="1">AN0069</subfield>
    <subfield code="2">URB BS</subfield>
  </datafield>
  <datafield tag="899" ind1=" " ind2=" ">
    <subfield code="a">Biblioteca del Convento della Verna. Chiusi della Verna</subfield>
    <subfield code="1">AR0029</subfield>
    <subfield code="2">RT1 CB</subfield>
  </datafield>
  <datafield tag="899" ind1=" " ind2=" ">
    <subfield code="a">Biblioteca comunale Lelio Pasolini. Longiano</subfield>
    <subfield code="z">MUTILO</subfield>
    <subfield code="1">FC0032</subfield>
    <subfield code="2">RAV LP</subfield>
  </datafield>
  <datafield tag="899" ind1=" " ind2=" ">
    <subfield code="a">Biblioteca dell&apos;Archivio di Stato di Perugia. Perugia</subfield>
    <subfield code="1">PG0103</subfield>
    <subfield code="2">UM1 50</subfield>
  </datafield>
  <datafield tag="899" ind1=" " ind2=" ">
    <subfield code="a">Biblioteca Oliveriana. Pesaro</subfield>
    <subfield code="1">PU0061</subfield>
    <subfield code="2">URB OL</subfield>
  </datafield>
  <datafield tag="899" ind1=" " ind2=" ">
    <subfield code="a">Biblioteca nazionale centrale. Roma</subfield>
    <subfield code="1">RM0267</subfield>
    <subfield code="2">BVE CR</subfield>
  </datafield>
  <datafield tag="899" ind1=" " ind2=" ">
    <subfield code="a">Biblioteca Casanatense. Roma</subfield>
    <subfield code="1">RM0313</subfield>
    <subfield code="2">RML 07</subfield>
  </datafield>
  <datafield tag="899" ind1=" " ind2=" ">
    <subfield code="a">Biblioteca della Facolt ̉di giurisprudenza dell&apos;Universit ̉degli Studi di Teramo. Teramo</subfield>
    <subfield code="1">TE0045</subfield>
    <subfield code="2">ABR R3</subfield>
  </datafield>
  <datafield tag="899" ind1=" " ind2=" ">
    <subfield code="a">Biblioteca del Seminario vescovile. Treviso</subfield>
    <subfield code="1">TV0113</subfield>
    <subfield code="2">VIA TS</subfield>
  </datafield>
  <datafield tag="899" ind1=" " ind2=" ">
    <subfield code="a">Biblioteca civica Guarneriana. San Daniele del Friuli</subfield>
    <subfield code="1">UD0075</subfield>
    <subfield code="2">ZUD 05</subfield>
  </datafield>
  <datafield tag="911" ind1=" " ind2=" ">
    <subfield code="a">Sul front.</subfield>
    <subfield code="9">IT\ICCU\CNCM\000641</subfield>
  </datafield>
  <datafield tag="921" ind1=" " ind2=" ">
    <subfield code="a">IT\ICCU\CNCM\000641</subfield>
    <subfield code="b">Serpente alato attorcigliato a un bastone sorretto da due mani che escono da nuvole.</subfield>
    <subfield code="e">Salus vitae.</subfield>
    <subfield code="c">Z1043</subfield>
    <subfield code="d">Dimensioni: 5 x 6</subfield>
    <subfield code="f">ALI</subfield>
    <subfield code="f">MANI</subfield>
    <subfield code="f">NUVOLE</subfield>
    <subfield code="f">SALUSVITAE</subfield>
    <subfield code="f">SEPENTE</subfield>
    <subfield code="g">1566-1599</subfield>
  </datafield>
</record>
</collection>
